@article{billy,
  title={Prediction of software failures through logistic regression},
  author={Ahmed M. Salem and Kamel Rekab and James A. Whittaker},
  journal={Inf. Softw. Technol.},
  year={2004},
  volume={46},
  pages={1-5}
}
@misc{kanade_2022, title={Linear regression vs. logistic regression: Understanding 13 key differences}, url={https://www.spiceworks.com/tech/artificial-intelligence/articles/linear-regression-vs-logistic-regression/}, journal={Spiceworks}, author={Kanade, Vijay}, year={2022}, month={Jun}} 
@article{scikit-learn,
 title={Scikit-learn: Machine Learning in {P}ython},
 author={Pedregosa, F. and Varoquaux, G. and Gramfort, A. and Michel, V.
         and Thirion, B. and Grisel, O. and Blondel, M. and Prettenhofer, P.
         and Weiss, R. and Dubourg, V. and Vanderplas, J. and Passos, A. and
         Cournapeau, D. and Brucher, M. and Perrot, M. and Duchesnay, E.},
 journal={Journal of Machine Learning Research},
 volume={12},
 pages={2825--2830},
 year={2011}
}
@misc{wilson_2022, title={Inherent Vs Residual Risk: Differences and Examples Explained - nTask}, url={https://www.ntaskmanager.com/blog/inherent-vs-residual-risk/}, journal={Task}, author={Wilson, Fred}, year={2022}, month={Sep} }
@misc{sqlite, title={How SQLite Is Tested}, url={https://www.sqlite.org/testing.html}, journal={www.sqlite.org}, author={{SQLite Contributors}}, year={2022}, month={May} }
 @misc{krekel_2023, title={pytest Documentation}, url={https://buildmedia.readthedocs.org/media/pdf/pytest/latest/pytest.pdf}, journal={pytest}, author={Krekel, Holger}, year={2023}, month={Jan} }
@article{scikit-learn,
 title={Scikit-learn: Machine Learning in {P}ython},
 author={Pedregosa, F. and Varoquaux, G. and Gramfort, A. and Michel, V.
         and Thirion, B. and Grisel, O. and Blondel, M. and Prettenhofer, P.
         and Weiss, R. and Dubourg, V. and Vanderplas, J. and Passos, A. and
         Cournapeau, D. and Brucher, M. and Perrot, M. and Duchesnay, E.},
 journal={Journal of Machine Learning Research},
 volume={12},
 pages={2825--2830},
 year={2011}
}
