@article{DBLP:journals/corr/KolassaRS14a,
  author    = {Carsten Kolassa and
               Dirk Riehle and
               Michel A. Salim},
  title     = {The Empirical Commit Frequency Distribution of Open Source Projects},
  journal   = {CoRR},
  volume    = {abs/1408.4978},
  year      = {2014},
  url       = {http://arxiv.org/abs/1408.4978},
  eprinttype = {arXiv},
  eprint    = {1408.4978},
  timestamp = {Mon, 13 Aug 2018 16:46:07 +0200},
  biburl    = {https://dblp.org/rec/journals/corr/KolassaRS14a.bib},
  bibsource = {dblp computer science bibliography, https://dblp.org}
}

