@article{no,
author = {Ahimbisibwe, Arthur and Cavana, Robert and Daellenbach, Urs},
year = {2015},
month = {02},
pages = {7-33},
title = {A contingency fit model of critical success factors for software development projects: A comparison of agile and traditional plan-based methodologies},
volume = {28},
journal = {Journal of Enterprise Information Management},
doi = {10.1108/JEIM-08-2013-0060}
}
@book{yes, place={Cambridge, Massachusetts}, title={Software development failures: anatomy of abandoned projects}, publisher={MIT Press}, author={Ewusi-Mensah, Kweku}, year={2003}} 
